@book{khane,
  author =       "Hary Kane",
  title =        "Zwielokrotnianie Umysłu",
  year =         "2008",
  ISBN =         "978-83-7582-440-7"
}

@book{kinectbegin,
    author    = "Webb, Jarrett, Ashley, James",
    title     = "Beginning Kinect Programming with the Microsoft Kinect SDK",
    year      = "2012",
    ISBN    = "978-1-4302-4105-8"
}

@book{testingArt,
    author    = "Roy Osherove",
    title     = "The Art of Unit Testing: with examples in C# 2nd Edition",
    year      = "2009",
    ISBN-13 = "978-1617290893",
    ISBN-10 =  "1617290890"
}

@book{kinectguide,
    author    = "Abhijit Jana",
    title     = "Kinect for Windows SDK Programming Guide",
    year      = "2012",
    ISBN      = "978-1-84969-238-0"
}

@book{algorytmikaPraktyczna,
    author    = "Piotr Stańczyk",
    title     = "Algorytmika praktyczna",
    year      = "2009",
    ISBN      = "978-83-01-15821-7"
}

@book{wzorceProjektowe,
    author    = "Erich Gamma, Richard Helm, Ralph Johnson, John Vlissides",
    title     = "Wzorce projektowe. Elementy oprogramowania obiektowego wielokrotnego użytku",
    year      = "2010",
    ISBN      = "978-83-246-2662-5"
}

@book{beginingCsharpGameProgramming,
    author    = "Ron Penton",
    title     = "Beginning C\# Game Programming (Premier Press Game Development) 1st Edition",
    year      = "2005",
    ISBN-13 =  "978-1592005178",
    ISBN-10 =  "1592005179"
}

@book{enterpriseCsharpMVVM,
    author    = "Raffaele Garofalo",
    title     = "Building Enterprise Applications with Windows Presentation Foundation and the Model View ViewModel Pattern (Developer Reference) 1st Edition",
    year      = "2011",
    ISBN-13 =  "978-0735650923",
    ISBN-10 =  "0735650926"
}




@misc{harrykhanebetter,
    author = "Rebecca Onion",
    title = "Harry Kahne, 'Mental Marvel', Was Certainly Sharper Than You",
    howpublished = "\url{http://www.slate.com/blogs/the_vault/2012/12/03/harry_kahne_the_mental_marvel_was_capable_of_doing_six_things_at_once.html}"
}

@misc{jugglinggoodforbranin,
    title = "Juggling good for the brain, study shows",
    howpublished = "\url{http://edition.cnn.com/2004/HEALTH/01/22/offbeat.juggling.brain.reut/}"
}

@misc{kinectgoodsales,
    author = "Catharine Smith",
    title = "Global sales of Microsoft Kinect between the second business quarter of 2011 and the third business quarter of 2011",
    howpublished = "\url{http://www.huffingtonpost.com/2011/03/09/microsoft-kinect-fastest-selling-consumer-electronics_n_833706.html}"
}

@misc{ youtubeharrykhane,
    title = "Harry Kahne (1938)",
    url = "https://www.youtube.com/watch?v=LQ2S6dExuHA",
    year = "1938",
}




